@inproceedings{basin2018formal,
  title={A Formal Analysis of 5G Authentication},
  author={Basin, David and Dreier, Jannik and Hirschi, Lucca and Radomirovic, Sa{\v{s}}a and Sasse, Ralf and Stettler, Vincent},
  booktitle={Proceedings of the 2018 ACM SIGSAC Conference on Computer and Communications Security},
  pages={1383--1396},
  year={2018},
  organization={ACM}
}

@article{prasad20183gpp,
  title={3GPP 5G Security},
  author={Prasad, Anand R and Arumugam, Sivabalan and Sheeba, B and Zugenmaier, Alf},
  journal={Journal of ICT Standardization},
  volume={6},
  number={1},
  pages={137--158},
  year={2018},
  publisher={River Publishers}
}

@inproceedings{cremers2017comprehensive,
  title={A comprehensive symbolic analysis of TLS 1.3},
  author={Cremers, Cas and Horvat, Marko and Hoyland, Jonathan and Scott, Sam and van der Merwe, Thyla},
  booktitle={Proceedings of the 2017 ACM SIGSAC Conference on Computer and Communications Security},
  pages={1773--1788},
  year={2017},
  organization={ACM}
}

@misc{key,
   author ={Dehnel-Wild, Martin and Cremers, Cas},
   title={Security vulnerability in 5G-AKA draft (3GPP TS 33.501 draft v0.7.0)},
   howpublished={Available at \url{https://www.cs.ox.ac.uk/5G-analysis/}(2018/02/08)}
}

@article{jover2018security,
  title={Security and Protocol Exploit Analysis of the 5G Specifications},
  author={Jover, Roger Piqueras and Marojevic, Vuk},
  journal={arXiv preprint arXiv:1809.06925},
  year={2018}
}


@inproceedings{meier2013tamarin,
  title={The TAMARIN prover for the symbolic analysis of security protocols},
  author={Meier, Simon and Schmidt, Benedikt and Cremers, Cas and Basin, David},
  booktitle={International Conference on Computer Aided Verification},
  pages={696--701},
  year={2013},
  organization={Springer}
}

@misc{key,
   author ={The Tamarin Team},
   title={Tamarin Prover Manual},
   howpublished={Available at \url{https://https://tamarin-prover.github.io/manual/tex/tamarin-manual.pdf}
   note = {Online; accessed 27 October 2018} 
}
